@Article{su132413893,
AUTHOR = {Vives, Ismael and Varona, Francisco B. and Tenza-Abril, Antonio J. and Pereiro-Barcel√≥, Javier},
TITLE = {A Parametric Study to Assess Lightweight Aggregate Concrete for Future Sustainable Construction of Reinforced Concrete Beams},
JOURNAL = {Sustainability},
VOLUME = {13},
YEAR = {2021},
NUMBER = {24},
ARTICLE-NUMBER = {13893},
URL = {https://www.mdpi.com/2071-1050/13/24/13893},
ISSN = {2071-1050},
DOI = {10.3390/su132413893}
}
@article{mohammed2014materials,
  title={Materials, properties and application review of Lightweight concrete},
  author={Mohammed, Jihad Hamad and Hamad, Ali Jihad},
  journal={Technical Review of the Faculty of Engineering University of Zulia},
  volume={37},
  number={2},
  pages={10--15},
  year={2014}
}
@inproceedings{sherin2018review,
  title={Review of autoclaved aerated concrete:-advantages and disadvantages},
  author={Sherin, K and Saurabh, JK},
  booktitle={Proc. Natl. Conf. Adv. Struct. Mater. Methodol. Civ. Eng.(ASMMCE--2018)},
  pages={35--39},
  year={2018}
}


